@article{Burda_2005,
  doi = {10.1021/cr030063a},
  url = {http://dx.doi.org/10.1021/cr030063a},
  year = {2005},
  month = {apr},
  publisher = {American Chemical Society ({ACS})},
  volume = {105},
  number = {4},
  pages = {1025--1102},
  author = {Clemens Burda and Xiaobo Chen and Radha Narayanan and Mostafa A. El-Sayed},
  title = {{Chemistry and Properties of Nanocrystals of Different Shapes}},
  journal = {Chem. Rev.},
}


@article{McLellan_2006,
  doi = {10.1016/j.cplett.2006.05.111},
  url = {http://dx.doi.org/10.1016/j.cplett.2006.05.111},
  year = {2006},
  month = {aug},
  publisher = {Elsevier {BV}},
  volume = {427},
  number = {1-3},
  pages = {122--126},
  author = {Joseph M. McLellan and Andrew Siekkinen and Jingyi Chen and Younan Xia},
  title = {{Comparison of the surface-enhanced Raman scattering on sharp and truncated silver nanocubes}},
  journal = {Chemical Physics Letters},
}


@article{Wiley_2006,
  doi = {10.1021/nl061705n},
  url = {http://dx.doi.org/10.1021/nl061705n},
  year = {2006},
  month = {oct},
  publisher = {American Chemical Society ({ACS})},
  volume = {6},
  number = {10},
  pages = {2273--2278},
  author = {Benjamin J. Wiley and Zenghui Wang and Jiang Wei and Yadong Yin and David H. Cobden and Younan Xia},
  title = {{Synthesis and Electrical Characterization of Silver Nanobeams}},
  journal = {Nano Letters},
}


@article{Aslam_2005,
  doi = {10.1063/1.2073968},
  url = {http://dx.doi.org/10.1063/1.2073968},
  year = {2005},
  publisher = {{AIP} Publishing},
  volume = {98},
  number = {7},
  pages = {074311},
  author = {M. Aslam and R. Bhobe and N. Alem and S. Donthu and V. P. Dravid},
  title = {{Controlled large-scale synthesis and magnetic properties of single-crystal cobalt nanorods}},
  journal = {J. Appl. Phys.},
}


@article{Au_2008,
  doi = {10.1021/nn800370j},
  url = {http://dx.doi.org/10.1021/nn800370j},
  year = {2008},
  month = {aug},
  publisher = {American Chemical Society ({ACS})},
  volume = {2},
  number = {8},
  pages = {1645--1652},
  author = {Leslie Au and Desheng Zheng and Fei Zhou and Zhi-Yuan Li and Xingde Li and Younan Xia},
  title = {{A Quantitative Study on the Photothermal Effect of Immuno Gold Nanocages Targeted to Breast Cancer Cells}},
  journal = {{ACS} Nano},
}


@article{Glotzer_2007,
  doi = {10.1038/nmat1949},
  url = {http://dx.doi.org/10.1038/nmat1949},
  year = {2007},
  month = {aug},
  publisher = {Nature Publishing Group},
  volume = {6},
  number = {7},
  pages = {557--562},
  author = {Sharon C. Glotzer and Michael J. Solomon},
  title = {{Anisotropy of building blocks and their assembly into complex structures}},
  journal = {Nat Mater},
}
